<?xml version="1.0" encoding="UTF-8"?><record xmlns="http://www.loc.gov/MARC21/slim" xmlns:cinclude="http://apache.org/cocoon/include/1.0" xmlns:zs="http://www.loc.gov/zing/srw/">
  <leader>00430cz  a2200133n  4500</leader>
  <controlfield tag="001">n  79137945 </controlfield>
  <controlfield tag="003">DLC</controlfield>
  <controlfield tag="005">19860630160208.9</controlfield>
  <controlfield tag="008">791129n| acannaab|          |a aaa |||  </controlfield>
  <datafield tag="010" ind1=" " ind2=" ">
    <subfield code="a">n  79137945 </subfield>
  </datafield>
  <datafield tag="040" ind1=" " ind2=" ">
    <subfield code="a">DLC</subfield>
    <subfield code="c">DLC</subfield>
    <subfield code="d">DLC</subfield>
  </datafield>
  <datafield tag="100" ind1="1" ind2="0">
    <subfield code="a">Gunkel, Hermann,</subfield>
    <subfield code="d">1862-1932.</subfield>
    <subfield code="t">Wirkungen des Heiligen Geistes.</subfield>
    <subfield code="l">English</subfield>
  </datafield>
  <datafield tag="400" ind1="1" ind2="0">
    <subfield code="a">Gunkel, Hermann,</subfield>
    <subfield code="d">1862-1932.</subfield>
    <subfield code="t">Influence of the Holy Spirit</subfield>
  </datafield>
  <datafield tag="670" ind1=" " ind2=" ">
    <subfield code="a">His The influence of the Holy Spirit, 1979.</subfield>
  </datafield>
</record>